<collection xmlns="http://www.loc.gov/MARC21/slim">
<record>
  <leader>01876nam0a2200313 i 450 </leader>
  <controlfield tag="001">IT\ICCU\CNCE\002073</controlfield>
  <controlfield tag="005">20070823000000.0</controlfield>
  <datafield tag="012" ind1=" " ind2=" ">
    <subfield code="a">e-ia n-re a-t- unue (3) 1568 (R)</subfield>
    <subfield code="2">fei</subfield>
  </datafield>
  <datafield tag="100" ind1=" " ind2=" ">
    <subfield code="a">19970101d1568        0itac0103    ba</subfield>
  </datafield>
  <datafield tag="101" ind1=" " ind2=" ">
    <subfield code="a">ITA</subfield>
  </datafield>
  <datafield tag="102" ind1=" " ind2=" ">
    <subfield code="a">IT</subfield>
  </datafield>
  <datafield tag="200" ind1="1" ind2=" ">
    <subfield code="a">Opera di s. Antonino arciuescouo fiorentino da lui medesimo composta in uolgare, utilissima, &amp; necessaria alla instruttione de i sacerdoti &amp; di qualunque altra persona la quale desidera sapere uiuere christianamente &amp; confessarsi bene de i suoi peccati. Con vna breue instruttione per i sacerdoti curati. Di nuouo ristampata &amp; da infiniti errori emendata</subfield>
  </datafield>
  <datafield tag="210" ind1=" " ind2=" ">
    <subfield code="a">In Venetia</subfield>
    <subfield code="c">appresso Giorgio de&apos; Caualli</subfield>
    <subfield code="d">1568</subfield>
    <subfield code="e">In Venetia</subfield>
    <subfield code="g">appresso Giorgio de&apos; Caualli</subfield>
    <subfield code="h">1568</subfield>
  </datafield>
  <datafield tag="215" ind1=" " ind2=" ">
    <subfield code="a">137 \i.e. 153!, \15! p.</subfield>
    <subfield code="d">8ʻ</subfield>
  </datafield>
  <datafield tag="620" ind1=" " ind2=" ">
    <subfield code="a">IT</subfield>
    <subfield code="d">Venezia</subfield>
  </datafield>
  <datafield tag="700" ind1=" " ind2="0">
    <subfield code="a">Antonino</subfield>
    <subfield code="c"> &lt;santo&gt;</subfield>
    <subfield code="3">IT\ICCU\CNCA\000779</subfield>
  </datafield>
  <datafield tag="712" ind1="0" ind2="0">
    <subfield code="a">Cavalli, Giorgio</subfield>
    <subfield code="3">IT\ICCU\CNCT\000626</subfield>
    <subfield code="4">650</subfield>
  </datafield>
  <datafield tag="790" ind1=" " ind2="0">
    <subfield code="a">Antoninus</subfield>
    <subfield code="c"> &lt;santo&gt;</subfield>
    <subfield code="3">IT\ICCU\CNCA\027220</subfield>
    <subfield code="z">Antonino &lt;santo&gt;</subfield>
  </datafield>
  <datafield tag="790" ind1=" " ind2="1">
    <subfield code="a">Pierozzi,</subfield>
    <subfield code="b">Antonio</subfield>
    <subfield code="3">IT\ICCU\CNCA\027314</subfield>
    <subfield code="z">Antonino &lt;santo&gt;</subfield>
  </datafield>
  <datafield tag="791" ind1="0" ind2="0">
    <subfield code="a">Caballis, Georgius de</subfield>
    <subfield code="3">IT\ICCU\CNCT\004566</subfield>
    <subfield code="z">Cavalli, Giorgio</subfield>
  </datafield>
  <datafield tag="801" ind1=" " ind2="3">
    <subfield code="a">IT</subfield>
    <subfield code="b">ICCU</subfield>
    <subfield code="c">20201113</subfield>
  </datafield>
  <datafield tag="899" ind1=" " ind2=" ">
    <subfield code="a">Biblioteca statale. Lucca</subfield>
    <subfield code="1">LU0022</subfield>
    <subfield code="2">LUA BL</subfield>
  </datafield>
  <datafield tag="899" ind1=" " ind2=" ">
    <subfield code="a">Biblioteca provinciale dei frati minori cappuccini Madonna di Pompei. Messina</subfield>
    <subfield code="1">ME0179</subfield>
    <subfield code="2">MES FC</subfield>
  </datafield>
  <datafield tag="899" ind1=" " ind2=" ">
    <subfield code="a">Biblioteca comunale Passerini Landi. Piacenza</subfield>
    <subfield code="1">PC0030</subfield>
    <subfield code="2">PIA PL</subfield>
  </datafield>
  <datafield tag="899" ind1=" " ind2=" ">
    <subfield code="a">Biblioteca civica Benedetto Passionei. Fossombrone</subfield>
    <subfield code="1">PU0027</subfield>
    <subfield code="2">URB FS</subfield>
  </datafield>
  <datafield tag="899" ind1=" " ind2=" ">
    <subfield code="a">Collezione privata Tiezzi Mazzoni Della Stella Maestri. Torrita di Siena</subfield>
    <subfield code="1">SI0161</subfield>
    <subfield code="2">ZSI 14</subfield>
  </datafield>
  <datafield tag="899" ind1=" " ind2=" ">
    <subfield code="a">Biblioteca comunale. Trento</subfield>
    <subfield code="1">TN0121</subfield>
    <subfield code="2">ZTN 01</subfield>
  </datafield>
  <datafield tag="911" ind1=" " ind2=" ">
    <subfield code="a">Sul front.</subfield>
    <subfield code="9">IT\ICCU\CNCM\000472</subfield>
  </datafield>
  <datafield tag="921" ind1=" " ind2=" ">
    <subfield code="a">IT\ICCU\CNCM\000472</subfield>
    <subfield code="b">Elefante con torre sul dorso. In cornice figurata</subfield>
    <subfield code="e">Tarde sed tuto.</subfield>
    <subfield code="c">Z480</subfield>
    <subfield code="d">Dimensioni: 3,5 x 4</subfield>
    <subfield code="f">ELEFANTE</subfield>
    <subfield code="f">TARDESEDTU</subfield>
    <subfield code="f">TORRE</subfield>
    <subfield code="g">1565-1570</subfield>
  </datafield>
</record>
</collection>
